<?xml version="1.0" encoding="UTF-8"?><collection><record><leader>07089ntm a2200553 a 4500</leader><controlfield tag="001">006806714</controlfield><controlfield tag="003">MiAaHDL</controlfield><controlfield tag="005">20190719000000.0</controlfield><controlfield tag="006">m        d        </controlfield><controlfield tag="007">cr bn ---auaua</controlfield><controlfield tag="008">090603m16uu17uuxx            00| ||ara d</controlfield><datafield tag="035" ind1=" " ind2=" "><subfield code="a">(MiU)006806714</subfield></datafield><datafield tag="035" ind1=" " ind2=" "><subfield code="a">sdr-miu006806714</subfield></datafield><datafield tag="040" ind1=" " ind2=" "><subfield code="a">MiU</subfield><subfield code="c">MiU</subfield><subfield code="e">amremm</subfield></datafield><datafield tag="043" ind1=" " ind2=" "><subfield code="a">n-us-mi</subfield></datafield><datafield tag="100" ind1="1" ind2=" "><subfield code="6">880-01</subfield><subfield code="a">Ibn Malak, ʻAbd al-Laṭīf ibn ʻAbd al-ʻAzīz.</subfield></datafield><datafield tag="245" ind1="1" ind2="0"><subfield code="6">880-03</subfield><subfield code="a">Mabāriq al-azhār fī sharḥ Mashāriq al-anwār,</subfield><subfield code="f">[17th and 18th century?].</subfield></datafield><datafield tag="246" ind1="3" ind2=" "><subfield code="i">Title from inscription on 'title page' (p.3):</subfield><subfield code="a">مشارق ابن ملك</subfield></datafield><datafield tag="246" ind1="3" ind2=" "><subfield code="i">Title from inscription on front flyleaf:</subfield><subfield code="a">مبارق الازهر في شرح مشارق الانوار</subfield></datafield><datafield tag="260" ind1=" " ind2=" "><subfield code="c">[16-- and 17--?].</subfield></datafield><datafield tag="300" ind1=" " ind2=" "><subfield code="a">298 leaves :</subfield><subfield code="b">paper ;</subfield><subfield code="c">212 x 160 (141 x 89) mm.</subfield></datafield><datafield tag="500" ind1=" " ind2=" "><subfield code="a">Shelfmark: Ann Arbor, University of Michigan, Special Collections Library, Isl. Ms. 484</subfield></datafield><datafield tag="500" ind1=" " ind2=" "><subfield code="a">Origin: Lacks dated colophon ; paper, hand, etc. of original sections suggest 17th century and date in seal impression provides only approximate terminus ante quem of 1684. Replacement sections likely 18th century as suggested by paper and hand.</subfield></datafield><datafield tag="500" ind1=" " ind2=" "><subfield code="a">Accompanying materials: a. Acquisitions slip from Yahuda (pp.1-2).</subfield></datafield><datafield tag="500" ind1=" " ind2=" "><subfield code="a">Former shelfmark: From spine label and inner front cover, "IL 312" (likely supplied by Yahuda, see acquisitions slip).</subfield></datafield><datafield tag="500" ind1=" " ind2=" "><subfield code="a">Binding: Pasteboards covered in marbled paper (in light blue, blue-green, blue, pink and yellow) with dark purple leather over spine and fore edge flap ; Type II binding (with flap) ; pastedowns and flyleaves in fuschia surface-dyed laid paper ; bronze / gold tooling on interior and exterior of fore edge flap ; sewn in cream thread, two stations ; worked chevron endbands in yellow and purple, quite good condition ; overall in fair condition with some abrasion, lifting and losses of leather (spine in particular), staining, etc. ; fore edge flap far too narrow.</subfield></datafield><datafield tag="500" ind1=" " ind2=" "><subfield code="a">Support: European laid paper of several types ; one type with 9 laid lines per cm. (vertical), chain lines spaced 23-25 mm. apart (horizontal), and hand / glove watermark (see p.39, 186, etc.), sturdy and fairly thick, burnished ; another type with 8-9 laid lines per cm. (vertical), chain lines spaced 26-28 mm. apart (horizontal, quite thick), and crown-star [possibly crown-star-crescent] watermark (see p.33, 43, 242, 243, etc.) ; staining and tidelines ; replacement sections on paper with 11 laid lines per cm. (vertical), chain lines spaced 23 mm. apart (horizontal) and grapes (raisin) under crown watermark ; watermarks of "P &amp; G" under double-headed eagle with single crown above (see back flyleaf) and shield likely with crescent with face inside (see front flyleaf).</subfield></datafield><datafield tag="500" ind1=" " ind2=" "><subfield code="a">Decoration: Elegant illuminated headpiece at opening on p.4 consisting of rectangular piece with empty gold cartouched flanked by floral accents in red (now pinkish), white, orange and lavender, surrounded by pinkish red border and surmounted by scalloped semi-circular piece with floral vegetal decoration (in white, orange, gold, and pink) on fields of gold and blue, itself surmounted by crude vertical stalks (tīgh) with blue accents ; keywords and abbreviation symbols (mainly sigla) rubricated ; some overlining in red ; textual dividers in the form of gold discs ; text of written area (through p.88) surrounded by gold frame.</subfield></datafield><datafield tag="500" ind1=" " ind2=" "><subfield code="a">Script: Naskh ; two main Turkish hands ; original sections (including opening to p.88, 109-308, etc.) in an elegant Turkish naskh, seriffed with right-sloping head-serifs on most ascenders (even free-standing alif), effect of tilt to the left, rounded with manily curvilinear descenders, many open counters, pointing in conjoined dots or strokes ; replacement sections (pp.89-108, 309-392, 477-519, 531 to close except where some original leaves appear) mainly in a clear Turkish naskh, virtually serifless with effect of only slight tilt to the left (fairly vertical), occasional words descending to baseline, pointing in strokes rather than distinct dots.</subfield></datafield><datafield tag="500" ind1=" " ind2=" "><subfield code="a">Layout: Written mainly in 21 lines per page.</subfield></datafield><datafield tag="500" ind1=" " ind2=" "><subfield code="a">Collation: ii, VI+1 (13), 5 V(63), VII (75), 15 V(225), I (227), V (237), V+1 (247), 3 V(277), IV+2 (287), I (289), IV+1 (298), ii ; chiefly quinions ; catchwords present ; pagination in pencil, Western numerals, supplied during digitization (includes insert and mistakenly skips two pages each between pp.205-206 and pp.241-242).</subfield></datafield><datafield tag="500" ind1=" " ind2=" "><subfield code="a">Explicit: "وكان اشد بالنصب خبر كان وامسه ضمير عائد الى المفعول المحذوف ما"</subfield></datafield><datafield tag="500" ind1=" " ind2=" "><subfield code="a">Incipit: "الحمد لله على هدية الهداية والاسلام وعطية الدراية والاعلام ... وبعد يقول الضعيف العويز عبد اللطيف بن عبد العزيز المعروف بابن الملك ... لما وضح وجوه المقال وصح النظر في المآل صودف العلم اعلاها منارة ومنالا ... ومما صنف فيه من الكتب الفاخرة ... كتاب مشارق الانوار في صحاح الخبار ... وكانت له شروح ... فصرت ادير في نفسي واستخير الله يومي وامسي ان اشرحه شرحا ... سميته مبارق الازهر في شرح مشارق الانوار ..."</subfield></datafield><datafield tag="500" ind1=" " ind2=" "><subfield code="a">Title from opening matter (preface) on p.5.</subfield></datafield><datafield tag="500" ind1=" " ind2=" "><subfield code="a">Ms. composite codex.</subfield></datafield><datafield tag="510" ind1="4" ind2=" "><subfield code="a">Brockelmann, C. GAL</subfield><subfield code="c">I 361</subfield></datafield><datafield tag="520" ind1="8" ind2=" "><subfield code="a">Fine composite copy of the commentary by Ibn Malak on al-Ḥasan ibn Muḥammad al-Ṣaghānī’s (d.1252) collection of traditions from Bukhārī and Muslim. Incomplete, ending abruptly.</subfield></datafield><datafield tag="538" ind1=" " ind2=" "><subfield code="a">Mode of access: Internet.</subfield></datafield><datafield tag="541" ind1=" " ind2=" "><subfield code="a">Acquired in 1926 from the bookseller Isaac Benjamin S.E. Yahuda via purchase transacted on his behalf by Abraham Shalom Yahuda (1877-1951), his younger brother.</subfield></datafield><datafield tag="546" ind1=" " ind2=" "><subfield code="a">Arabic.</subfield></datafield><datafield tag="561" ind1=" " ind2=" "><subfield code="a">Effaced waqf statement on 'title page' (p.3) accompanied by oval seal impression (repeated twice) in name of ʻUmar ibn ʻĪsá (عمر بن عيسى) with inscription "اليس الله بكاف عبده عمر بن عيسى" and possibly dated 1095 [1683 or 4] ; "وقف" repeated periodically elsewhere in margins ; marginal and interlinear glosses and corrections ; occasional notabilia (side-heads).</subfield></datafield><datafield tag="600" ind1="1" ind2="0"><subfield code="a">Ṣaghānī, al-Ḥasan ibn Muḥammad,</subfield><subfield code="d">1181-1252.</subfield><subfield code="t">Mashāriq al-anwār.</subfield></datafield><datafield tag="650" ind1=" " ind2="0"><subfield code="a">Manuscripts, Arabic</subfield><subfield code="z">Michigan</subfield><subfield code="z">Ann Arbor.</subfield></datafield><datafield tag="650" ind1=" " ind2="0"><subfield code="a">Hadith</subfield><subfield code="x">Criticism, interpretation, etc.</subfield><subfield code="v">Early works to 1800.</subfield></datafield><datafield tag="650" ind1=" " ind2="0"><subfield code="a">Hadith</subfield><subfield code="v">Commentaries</subfield><subfield code="v">Early works to 1800</subfield><subfield code="x">Commentaries.</subfield></datafield><datafield tag="655" ind1=" " ind2="7"><subfield code="a">Headpieces (layout features)</subfield><subfield code="y">17th century.</subfield><subfield code="2">aat</subfield></datafield><datafield tag="773" ind1="0" ind2=" "><subfield code="a">Yahuda Collection.</subfield></datafield><datafield tag="880" ind1="1" ind2="0"><subfield code="6">245-03/</subfield><subfield code="a">مبارق الازهار في شرح مشارق الانوار,</subfield><subfield code="f">[القرن 17 و القرن 18م؟].</subfield></datafield><datafield tag="880" ind1="1" ind2=" "><subfield code="6">100-01/</subfield><subfield code="a">ابن ملك، عبد اللطيف بن عبد العزيز.</subfield></datafield><datafield tag="CID" ind1=" " ind2=" "><subfield code="a">006806714</subfield></datafield><datafield tag="DAT" ind1="0" ind2=" "><subfield code="a">20190719102637.0</subfield><subfield code="b">20190719000000.0</subfield></datafield><datafield tag="DAT" ind1="1" ind2=" "><subfield code="a">20190719090653.0</subfield><subfield code="b">2019-07-19T16:10:27Z</subfield></datafield><datafield tag="DAT" ind1="2" ind2=" "><subfield code="a">2015-10-02T18:00:03Z</subfield></datafield><datafield tag="CAT" ind1=" " ind2=" "><subfield code="a">SDR-MIU</subfield><subfield code="d">EX LIBRIS - ALEPH</subfield><subfield code="l">prepare.pl-004-008</subfield></datafield><datafield tag="FMT" ind1=" " ind2=" "><subfield code="a">BK</subfield></datafield><datafield tag="HOL" ind1=" " ind2=" "><subfield code="0">sdr-miu006806714</subfield><subfield code="a">MiU</subfield><subfield code="b">SDR</subfield><subfield code="c">MIU</subfield><subfield code="p">mdp.39015079127968</subfield><subfield code="s">MIU</subfield><subfield code="1">006806714</subfield></datafield><datafield tag="974" ind1=" " ind2=" "><subfield code="b">MIU</subfield><subfield code="c">MIU</subfield><subfield code="d">20190719</subfield><subfield code="s">lit-dlps-dc</subfield><subfield code="u">mdp.39015079127968</subfield><subfield code="y">1799</subfield><subfield code="r">pd</subfield><subfield code="q">bib</subfield><subfield code="t">non-US bib date2, date type m &lt; 1896</subfield></datafield></record></collection>